<?xml version="1.0" encoding="UTF-8"?><collection xmlns="http://www.loc.gov/MARC21/slim"><record><leader>00417nam--2200133-i-4500</leader><controlfield tag="001">000022987</controlfield><controlfield tag="002">20161230</controlfield><controlfield tag="005">20161230201034</controlfield><controlfield tag="008">060222s1000------------r-----000-0-eng-d</controlfield><datafield ind1="1" ind2=" " tag="100"><subfield code="a">Griffith,H.B. and Hilton,P.J</subfield></datafield><datafield ind1="1" ind2="0" tag="245"><subfield code="a">A Comprehensive Textbook of Classical Mathematics. A Contemporary Interpretation</subfield></datafield><datafield ind1=" " ind2=" " tag="260"><subfield code="a">London, Van Nostrand Reinhold Co., 1970. Xxix + 637p</subfield></datafield><datafield ind1=" " ind2=" " tag="852"><subfield code="a">51</subfield></datafield><datafield ind1=" " ind2=" " tag="CAT"><subfield code="a">Sys</subfield><subfield code="c">20080409</subfield><subfield code="h">100714</subfield></datafield></record></collection>